@misc{errors_in_wild,
  author = {Schroeder, Bianca and Pinheiro, Eduardo and Weber, Wolf-Dietrich},
  title = {DRAM Errors in the Wild: A Large-Scale Field Study},
  language = {eng},
  format = {article},
  journal = {Perf E R Si},
  volume = {37},
  number = {1},
  pages = {193-204},
  year = {2009},
  publisher = {ASSOC COMPUTING MACHINERY},
  howpublished = {\url{https://findit.dtu.dk/en/catalog/5332382b56868bf16cd164b5}}
}

@misc{soft_error_in_e_mem,
  title={Soft errors in electronic memory-a white paper},
  author={Joseph Catania},
  year={2004},
  howpublished = {\url{https://findit.dtu.dk/en/catalog/531da103b6e5456e1c016040}},
}

@misc{texas,
  title        = {Texas Instruments - Discriminating between soft errors and hard errors in RAM},
  year         = {2008},
  howpublished = {\url{https://www.ti.com/lit/wp/spna109/spna109.pdf?ts=1662991985494&ref_url=https\%253A\%252F\%252Fwww.google.com\%252F}}
}



@misc{actel,
  title        = {Actel - Understanding Soft and Firm Errors in Semiconductor Devices},
  year         = {2002},
  howpublished = {\url{https://www.microsemi.com/document-portal/doc_download/130765-understanding-soft-and-firm-errors-in-semiconductor-devices-questions-and-answers}},

}
